

@misc{saragonz91:online,
author = {Sara González},
title = {saragonzalezbarcena/TFG\_Deteccion\_Activ\_Muscular: Trabajo de Fin de Grado de Ingeniería de la Salud},
howpublished = {\url{https://github.com/saragonzalezbarcena/TFG_Deteccion_Activ_Muscular}},
month = {junio},
year = "2023",
note = {(Accessed on 01/11/2024)}
}

@misc{¿QuéesEt14:online,
author = {John Burke},
title = {¿Qué es Ethernet? - Definición en Computer Weekly},
howpublished = {\url{https://www.computerweekly.com/es/definicion/Ethernet}},
month = {mayo},
year = {2021},
note = {(Accessed on 01/13/2024)}
}

@misc{QuéesEth13:online,
author = {Telefónica},
title = {Qué es Ethernet y qué tipos de cables existen - Telefónica},
howpublished = {\url{https://www.telefonica.com/es/sala-comunicacion/blog/que-es-ethernet-tipos-cables/}},
month = {},
year = {},
note = {(Accessed on 01/13/2024)}
}

@misc{Conectar3:online,
author = {Luis Llamas},
title = {Conectar Arduino a Internet o LAN con Shield Ethernet W5100},
howpublished = {\url{https://www.luisllamas.es/arduino-ethernet-shield-w5100/}},
month = {febrero},
year = {2017},
note = {(Accessed on 01/13/2024)}
}

@misc{Ethernet91:online,
author = {Aprendiendo Arduino},
title = {Ethernet Shield | Aprendiendo Arduino},
howpublished = {\url{https://aprendiendoarduino.wordpress.com/2016/07/04/ethernet-shield/}},
month = {julio},
year = {2016},
note = {(Accessed on 01/13/2024)}
}

@misc{¿Quéesla82:online,
author = {Cisco},
title = {¿Qué es la tecnología wifi? Definición y tipos - Cisco},
howpublished = {\url{https://www.cisco.com/c/es_mx/products/wireless/what-is-wifi.html}},
month = {},
year = {},
note = {(Accessed on 01/13/2024)}
}

@misc{WhatisWi11:online,
author = {Vangie Beal},
title = {What is Wi-Fi? (Definition \& Meaning) | Webopedia},
howpublished = {\url{https://www.webopedia.com/definitions/wifi/}},
month = {enero},
year = {2022},
note = {(Accessed on 01/13/2024)}
}


@misc{ESP8266l93:online,
author = {Luis Llamas},
title = {ESP8266, la alternativa a Arduino con Wifi},
howpublished = {\url{https://www.luisllamas.es/esp8266/}},
month = {marzo},
year = {2018},
note = {(Accessed on 01/13/2024)}
}

@misc{WiFivsEt71:online,
author = {Carolina González},
title = {WiFi vs. Ethernet: diferencias y cuál de los dos debería usar | Computer Hoy},
howpublished = {\url{https://computerhoy.com/internet/wifi-vs-ethernet-diferencias-cual-dos-deberia-usar-1192338}},
month = {febrero},
year = {2023},
note = {(Accessed on 01/13/2024)}
}

@misc{Conectar13:online,
author = {Luis Llamas},
title = {Conectar Arduino por Bluetooth con los módulos HC-05 ó HC-06},
howpublished = {\url{https://www.luisllamas.es/conectar-arduino-por-bluetooth-con-los-modulos-hc-05-o-hc-06/}},
month = {noviembre},
year = {2015},
note = {(Accessed on 01/14/2024)}
}

@misc{Diferenc89:online,
author = {José María López},
title = {Diferencias entre WiFi y Bluetooth, las redes inalámbricas más populares},
howpublished = {\url{https://www.movistar.es/blog/router/diferencias-wifi-bluetooth/#:~:text=Bluetooth%20es%20una%20tecnolog%C3%ADa%20inal%C3%A1mbrica,punto%20de%20acceso%20de%20red}},
month = {junio},
year = {2022},
note = {(Accessed on 01/14/2024)}
}

@misc{¿Quéesla6:online,
author = {Intel},
title = {¿Qué es la tecnología Bluetooth®? - Intel},
howpublished = {\url{https://www.intel.la/content/www/xl/es/products/docs/wireless/what-is-bluetooth.html#:~:text=La%20tecnolog%C3%ADa%20Bluetooth%20funciona%20en,de%20datos%20mejorada%20(EDR)}},
month = {},
year = {2022},
note = {(Accessed on 01/14/2024)}
}

@misc{¿Cómofun38:online,
author = {Intel},
title = {¿Cómo funciona la tecnología Bluetooth®? - Intel},
howpublished = {\url{https://www.intel.la/content/www/xl/es/products/docs/wireless/how-does-bluetooth-work.html#:~:text=La%20tecnolog%C3%ADa%20Bluetooth%20conecta%20las,frecuencia%20de%202%2C4%20GHz}},
month = {},
year = {},
note = {(Accessed on 01/14/2024)}
}

@article{pradel2013ingenieria,
  title={Ingenier{\'\i}a del software, febrero 2013},
  author={Pradel Miquel, Jordi and Raya Martos, Jos{\'e} Antonio and Campderrich Falgueras, Benet and S{\'a}nchez Porras, Xavier and Fuertes Royo, Cristina and Albi{\~n}ana Bertomeu, Ricardo},
  year={2013},
  publisher={Universitat Oberta de Catalunya}
}

@misc{VisualSt63:online,
author = {VSCode},
title = {Visual Studio Code - Code Editing. Redefined},
howpublished = {\url{https://code.visualstudio.com/}},
month = {},
year = {},
note = {(Accessed on 01/14/2024)}
}

@misc{XAMPPIns2:online,
author = {XAMPP},
title = {XAMPP Installers and Downloads for Apache Friends},
howpublished = {\url{https://www.apachefriends.org/es/index.html}},
month = {},
year = {},
note = {(Accessed on 01/14/2024)}
}

@misc{Nodejs—I6:online,
author = {Node.js},
title = {Node.js — Introduction to Node.js},
howpublished = {\url{https://nodejs.org/en/learn/getting-started/introduction-to-nodejs}},
month = {},
year = {},
note = {(Accessed on 01/14/2024)}
}

@misc{Arduino83:online,
author = {Arduino},
title = {¿Qué es Arduino? | arduino},
howpublished = {\url{https://www.arduino.cc/en/Guide/Introduction}},
month = {},
year = {},
note = {(Accessed on 01/14/2024)}
}

@misc{Balsamiq0:online,
author = {Balsamiq},
title = {Balsamiq: Fast, focused wireframing for teams and individuals | Balsamiq},
howpublished = {\url{https://balsamiq.com/}},
month = {},
year = {},
note = {(Accessed on 01/14/2024)}
}

@misc{drawio51:online,
author = {draw.io},
title = {draw.io},
howpublished = {\url{https://www.drawio.com/}},
month = {},
year = {},
note = {(Accessed on 01/14/2024)}
}

@misc{Lucid79:online,
author = {Lucid},
title = {Software de Diagramas Online | Lucidchart},
howpublished = {\url{https://www.lucidchart.com/pages/es}},
month = {},
year = {},
note = {(Accessed on 01/14/2024)}
}

@misc{Git44:online,
author = {Yúbal Fernández},
title = {Qué es Github y qué es lo que le ofrece a los desarrolladores},
howpublished = {\url{https://www.xataka.com/basics/que-github-que-que-le-ofrece-a-desarrolladores}},
month = {octubre},
year = {2019},
note = {(Accessed on 01/14/2024)}
}

@misc{Comenzar98:online,
author = {GitHub},
title = {Comenzar con GitHub Desktop - Documentación de GitHub},
howpublished = {\url{https://docs.github.com/es/desktop/overview/getting-started-with-github-desktop}},
month = {},
year = {},
note = {(Accessed on 01/14/2024)}
}

@misc{Software57:online,
author = {Arduino},
title = {SoftwareSerial Library | Arduino Documentation},
howpublished = {\url{https://docs.arduino.cc/learn/built-in-libraries/software-serial}},
month = {enero},
year = {2024},
note = {(Accessed on 01/15/2024)}
}

@misc{LiquidCr9:online,
author = {Arduino},
title = {LiquidCrystal I2C - Arduino Reference},
howpublished = {\url{https://reference.arduino.cc/reference/en/libraries/liquidcrystal-i2c/}},
month = {},
year = {},
note = {(Accessed on 01/15/2024)}
}

@misc{WireArdu98:online,
author = {Arduino},
title = {Wire - Arduino Reference},
howpublished = {\url{https://www.arduino.cc/reference/en/language/functions/communication/wire/}},
month = {},
year = {},
note = {(Accessed on 01/15/2024)}
}

@misc{MPU605015:online,
author = {Luis Llamas},
title = {Determinar la orientación con Arduino y el IMU MPU-6050},
howpublished = {\url{https://www.luisllamas.es/arduino-orientacion-imu-mpu-6050/}},
month = {septiembre},
year = {2016},
note = {(Accessed on 01/15/2024)}
}

@misc{Express10:online,
author = {MDN},
title = {Introducción a Express/Node - Aprende desarrollo web | MDN},
howpublished = {\url{https://developer.mozilla.org/es/docs/Learn/Server-side/Express_Nodejs/Introduction}},
month = {},
year = {},
note = {(Accessed on 01/15/2024)}
}

@misc{Intercam91:online,
author = {MDN},
title = {Intercambio de recursos de origen cruzado (CORS) - HTTP | MDN},
howpublished = {\url{https://developer.mozilla.org/es/docs/Web/HTTP/CORS}},
month = {},
year = {},
note = {(Accessed on 01/15/2024)}
}

@misc{pyserial96:online,
author = {PySerial},
title = {pyserial/pyserial: Python serial port access library},
howpublished = {\url{https://github.com/pyserial/pyserial/}},
month = {septiembre},
year = {2020},
note = {(Accessed on 01/15/2024)}
}

@misc{psfreque89:online,
author = {PSF},
title = {psf/requests: A simple, yet elegant, HTTP library.},
howpublished = {\url{https://github.com/psf/requests}},
month = {mayo},
year = {2023},
note = {(Accessed on 01/15/2024)}
}

@misc{HC0536:online,
author = {Amazon},
title = {DiGiYes HC-05 Transceptor RF inalámbrico Master Slave Módulo Bluetooth integrado 6 Pin Puerto Serie Comunicación BT Módulo apto para Arduino : Amazon.es: Informática},
howpublished = {\url{https://www.amazon.es/DiGiYes-Transceptor-inal%C3%A1mbrico-Bluetooth-Comunicaci%C3%B3n/dp/B0BK987BKR/ref=sr_1_7?crid=SMY7UYDVOLZK&keywords=bluetooth+hc-05+arduino&qid=1705322587&sprefix=Bluetooth+HC-05%2Caps%2C169&sr=8-7}},
month = {},
year = {},
note = {(Accessed on 01/15/2024)}
}

@misc{Ethernet92:online,
author = {Amazon},
title = {Amazon.es : Shield Ethernet W5100},
howpublished = {\url{https://www.amazon.es/s?k=Shield+Ethernet+W5100&__mk_es_ES=%C3%85M%C3%85%C5%BD%C3%95%C3%91&crid=1IYLFUFVW4B0L&sprefix=shield+ethernet+w5100%2Caps%2C112&ref=nb_sb_noss_2}},
month = {},
year = {},
note = {(Accessed on 01/15/2024)}
}

@misc{WiFi1:online,
author = {Amazon},
title = {Amazon.es : Módulo WiFi ESP8266 ESP01},
howpublished = {\url{https://www.amazon.es/s?k=M%C3%B3dulo+WiFi+ESP8266+ESP01&__mk_es_ES=%C3%85M%C3%85%C5%BD%C3%95%C3%91&crid=2A1DBY557HK0K&sprefix=m%C3%B3dulo+wifi+esp8266+esp01%2Caps%2C100&ref=nb_sb_noss}},
month = {},
year = {},
note = {(Accessed on 01/15/2024)}
}

@misc{ProtoShi18:online,
author = {Arduino},
title = {Proto Shield Rev3 (Uno Size) — Arduino Official Store},
howpublished = {\url{https://store.arduino.cc/products/proto-shield-rev3-uno-size?queryID=undefined}},
month = {},
year = {},
note = {(Accessed on 01/15/2024)}
}

@misc{Pulsador32:online,
author = {Amazon},
title = {RUNCCI-YUN 20Pcs Mini Botón Pulsador 7mm,Pre Cableado Mini Interruptor, Momentáneo de Botón 3V-6V-12V-24V-230V/1A,SPST Normal Abierto ON/Off 2 Pin Pulsador de Redondo para Modelo de Hobby Ferroviario : Amazon.es: Coche y moto},
howpublished = {\url{https://www.amazon.es/RUNCCI-YUN-Interruptor-Moment%C3%A1neo-3V-6V-12V-24V-230V-Ferroviario/dp/B0BLC1QPC2/ref=sr_1_15?__mk_es_ES=%C3%85M%C3%85%C5%BD%C3%95%C3%91&crid=28VFNDWRKCJ72&keywords=pulsadores&qid=1705326395&sprefix=pulsadores%2Caps%2C121&sr=8-15}},
month = {},
year = {},
note = {(Accessed on 01/15/2024)}
}

@misc{CajaProt627:online,
author = {Amazon},
title = {GTIWUNG 6 Pcs Caja de Derivación,Caja de Cables Conexiones Electricas,Caja Empalme Proyecto Eléctrico,Cubierta de Plástico Caja,Caja de Montaje Fijo para Bricolaje Caso DIY Energía,10*6*2,5 cm,Negro : Amazon.es: Bricolaje y herramientas},
howpublished = {\url{https://www.amazon.es/GTIWUNG-Derivaci%C3%B3n-Conexiones-Electricas-El%C3%A9ctrico/dp/B0BWLW941S/ref=sr_1_6?__mk_es_ES=%C3%85M%C3%85%C5%BD%C3%95%C3%91&crid=3UF7VU0YMZVYO&keywords=caja%2Bpara%2Bprototipos&qid=1705331937&sprefix=caja%2Bpara%2Bprototipos%2Caps%2C156&sr=8-6&th=1}},
month = {},
year = {},
note = {(Accessed on 01/15/2024)}
}

@misc{Conector5P61:online,
author = {Amazon},
title = {Aiqeer 5 Piezas 5-Pines GX12 Aviación Enchufe Conector, 12 mm Rosca Panel Metal Aviación Conector, 5A Macho Hembra Aviación Conector, con Goma Tapa : Amazon.es: Electrónica},
howpublished = {\url{https://www.amazon.es/Aiqeer-5-Pines-Aviaci%C3%B3n-Enchufe-Conector/dp/B09WXQM35Y/ref=sr_1_14?crid=HW3AD2DN0TQU&keywords=conector+5+pines+macho+y+hembra&qid=1705332438&sprefix=conector+5+%2Caps%2C167&sr=8-14}},
month = {},
year = {},
note = {(Accessed on 01/15/2024)}
}

@misc{Cable41:online,
author = {Amazon},
title = {BlueXP 5m Blanco Cable Eléctrico de 4 Núcleos de PVC Alambres Eléctricos de Cobre de Alta Resistencia de la Temperatura 4 x 0,34 mm² Flexible Cable de Extención Familia Industria Laboratorio : Amazon.es: Bricolaje y herramientas},
howpublished = {\url{https://www.amazon.es/BlueXP-El%C3%A9ctricos-Resistencia-Temperatura-Laboratorio/dp/B08N4BHL51/ref=sr_1_2?__mk_es_ES=%C3%85M%C3%85%C5%BD%C3%95%C3%91&crid=2SR0YR3KATDPW&keywords=cable+multihilo+blanco+flexible+5+nucleos&qid=1705332259&sprefix=cable+multihilo+blanco+flexible+5+nucleos%2Caps%2C145&sr=8-2}},
month = {},
year = {},
note = {(Accessed on 01/15/2024)}
}

@misc{Interruptor42:online,
author = {Amazon},
title = {Gebildet 150pcs Interruptor Deslizante 3 Pines 2 Posiciones SPDT ON/ON, 0.5A 50V DC Interruptor de Montaje en Panel/PCB, No Momentáneo Mini Interruptor de Palanca SS-12F15 : Amazon.es: Bricolaje y herramientas},
howpublished = {\url{https://www.amazon.es/Gebildet-Interruptor-Deslizante-Posiciones-Moment%C3%A1neo/dp/B07Z4RW9X6/ref=sr_1_13?crid=3NCCLHM03OU41&keywords=interruptor%2Bdeslizante&qid=1705334802&sprefix=interruptor%2Bdesl%2Caps%2C149&sr=8-13&th=1}},
month = {},
year = {},
note = {(Accessed on 01/15/2024)}
}

@misc{ArduinoUNO82:online,
author = {Arduino},
title = {Arduino Uno Rev3 — Arduino Official Store},
howpublished = {\url{https://store.arduino.cc/products/arduino-uno-rev3?queryID=undefined}},
month = {},
year = {},
note = {(Accessed on 01/15/2024)}
}

@misc{MPU6050Amazon396:online,
author = {Amazon},
title = {HiLetgo 3pcs MPU-6050 MPU6050 GY-521 3 Axis Accelerometer Gyroscope Module 6 DOF 6-axis Accelerometer Gyroscope Sensor Module 16 Bit AD Converter Data Output IIC I2C for Arduino : Amazon.es: Industria, empresas y ciencia},
howpublished = {\url{https://www.amazon.es/hiletgo-GY-521-MPU-6050-giroscopio-aceler%C3%B3metro-compatible/dp/B00LP25V1A/ref=sr_1_6?crid=1XFFYOO1MH4KG&keywords=mpu+6050&qid=1705339676&sprefix=mpu+%2Caps%2C505&sr=8-6}},
month = {},
year = {},
note = {(Accessed on 01/15/2024)}
}

@misc{lcdFoto88:online,
author = {Amazon},
title = {AZDelivery HD44780 16x2 Modulo LCD Display Bundle con Interfaz I2C 2x16 Caracteres Compatible con Arduino con E-Book Incluido! (con Fondo Verde y Caracteres Negros) : Amazon.es: Informática},
howpublished = {\url{https://www.amazon.es/AZDelivery-HD44780-pantalla-interfaz-caracteres/dp/B01N3B8JMN/ref=sr_1_2?__mk_es_ES=%C3%85M%C3%85%C5%BD%C3%95%C3%91&crid=WWRDZRHVFF8H&keywords=lcd%2B16x2%2Bcon%2Bi2c&qid=1705342734&sprefix=lcd%2B16x2%2Bcon%2Bi2c%2Caps%2C225&sr=8-2&th=1}},
month = {},
year = {},
note = {(Accessed on 01/15/2024)}
}

@misc{16x2LCDd27:online,
author = {Arduino},
title = {16x2 LCD display with I²C interface — Arduino Official Store},
howpublished = {\url{https://store.arduino.cc/products/16x2-lcd-display-with-i-c-interface?queryID=undefined}},
month = {},
year = {},
note = {(Accessed on 01/15/2024)}
}