@book{koza92,
		author    = "Koza, John R.",
		title     = "Genetic Programming: On the Programming of Computers by Means of Natural Selection",
		publisher = "MIT Press",
		year      = "1992"
}


@misc{ wiki:latex,
       author = "Wikipedia",
       title = "LaTeX --- Wikipedia{,} La enciclopedia libre",
       year = "2015",
       url = "https://es.wikipedia.org/w/index.php?title=LaTeX&oldid=84209252",
       note = "[Internet; descargado 30-septiembre-2015]"
}


@article{bortolot2005,
  title={Estimating forest biomass using small footprint LiDAR data: An individual tree-based approach that incorporates training data},
  author={Bortolot, Zachary J and Wynne, Randolph H},
  journal={ISPRS Journal of Photogrammetry and Remote Sensing},
  volume={59},
  number={6},
  pages={342--360},
  year={2005},
  publisher={Elsevier}
}

@misc{saragonz91:online,
author = {Sara González},
title = {saragonzalezbarcena/TFG\_Deteccion\_Activ\_Muscular: Trabajo de Fin de Grado de Ingeniería de la Salud},
howpublished = {\url{https://github.com/saragonzalezbarcena/TFG_Deteccion_Activ_Muscular}},
month = {junio},
year = {2023},
note = {(Accessed on 01/11/2024)}
}