@book{koza92,
		author    = "Koza, John R.",
		title     = "Genetic Programming: On the Programming of Computers by Means of Natural Selection",
		publisher = "MIT Press",
		year      = "1992"
}


@misc{ wiki:latex,
       author = "Wikipedia",
       title = "LaTeX --- Wikipedia{,} La enciclopedia libre",
       year = "2015",
       url = "https://es.wikipedia.org/w/index.php?title=LaTeX&oldid=84209252",
       note = "[Internet; descargado 30-septiembre-2015]"
}

@misc{jobtedIngenieroBiomedico,
        author = "Jobted",
        title = {¿Cuánto Cobra un Ingeniero Biomédico? (Sueldo 2024) | Jobted.es},
        howpublished = {\url{https://www.jobted.es/salario/ingeniero-biom%C3%A9dico}},
        month = {},
        year = "2024",
        note = {(Accessed on 01/09/2024)}
}

@misc{SeguridaSocial:online,
author = "Seguridad-Social",
title = {Seguridad Social: Cotización / Recaudación de Trabajadores / Bases y tipos de cotización 2023},
howpublished = {\url{https://www.seg-social.es/wps/portal/wss/internet/Trabajadores/CotizacionRecaudacionTrabajadores/36537}},
month = {},
year = "2023",
note = {(Accessed on 01/09/2024)}
}

@misc{Amortizacion:online,
author = "ING",
title = {Amortización: qué es, cómo se calcula y qué tipos hay – ING – En Naranja},
howpublished = {\url{https://www.ing.es/ennaranja/finanzas-personales/conceptos-utiles/amortizacion-que-es-como-se-calcula/}},
month = "abril",
year = "2022",
note = {(Accessed on 01/10/2024)}
}

@misc{LLMPU6050:online,
author = "Luis Llamas",
title = {Determinar la orientación con Arduino y el IMU MPU-6050},
howpublished = {\url{https://www.luisllamas.es/arduino-orientacion-imu-mpu-6050/}},
month = "septiembre",
year = "2016",
note = {(Accessed on 01/10/2024)}
}

@misc{AliExpre51:online,
author = "AliExpress",
title = {AliExpress - Compra online de Electrónica, Moda, Casa y jardín, Deportes y ocio, Motor y seguridad, y más. - AliExpress - AliExpress},
howpublished = {\url{https://es.aliexpress.com/?spm=a2g0o.productlist.logo.1.340e65b2eNCHZp&gatewayAdapt=glo2esp}},
month = {},
year = {},
note = {(Accessed on 01/10/2024)}
}
