
@misc{ wiki:latex,
       author = "Wikipedia",
       title = "LaTeX --- Wikipedia{,} La enciclopedia libre",
       year = "2015",
       url = "https://es.wikipedia.org/w/index.php?title=LaTeX&oldid=84209252",
       note = "[Internet; descargado 30-septiembre-2015]"
}

@misc{jobtedIngenieroBiomedico,
        author = "Jobted",
        title = {¿Cuánto Cobra un Ingeniero Biomédico? (Sueldo 2024) | Jobted.es},
        howpublished = {\url{https://www.jobted.es/salario/ingeniero-biom%C3%A9dico}},
        month = {},
        year = "2024",
        note = {(Accessed on 01/09/2024)}
}

@misc{SeguridaSocial:online,
author = "Seguridad-Social",
title = {Seguridad Social: Cotización / Recaudación de Trabajadores / Bases y tipos de cotización 2023},
howpublished = {\url{https://www.seg-social.es/wps/portal/wss/internet/Trabajadores/CotizacionRecaudacionTrabajadores/36537}},
month = {},
year = "2023",
note = {(Accessed on 01/09/2024)}
}

@misc{Amortizacion:online,
author = "ING",
title = {Amortización: qué es, cómo se calcula y qué tipos hay – ING – En Naranja},
howpublished = {\url{https://www.ing.es/ennaranja/finanzas-personales/conceptos-utiles/amortizacion-que-es-como-se-calcula/}},
month = "abril",
year = "2022",
note = {(Accessed on 01/10/2024)}
}

@misc{LLMPU6050:online,
author = "Luis Llamas",
title = {Determinar la orientación con Arduino y el IMU MPU-6050},
howpublished = {\url{https://www.luisllamas.es/arduino-orientacion-imu-mpu-6050/}},
month = "septiembre",
year = "2016",
note = {(Accessed on 01/10/2024)}
}

@misc{BOE_RGPD:online,
author = "BOE",
title = {BOE.es - DOUE-L-2016-80807 Reglamento (UE) 2016/679 del Parlamento Europeo y del Consejo, de 27 de abril de 2016, relativo a la protección de las personas físicas en lo que respecta al tratamiento de datos personales y a la libre circulación de estos datos y por el que se deroga la Directiva 95/46/CE (Reglamento general de protección de datos).},
howpublished = {\url{https://www.boe.es/buscar/doc.php?id=DOUE-L-2016-80807}},
month = "mayo",
year = "2016",
note = {(Accessed on 01/10/2024)}
}

@misc{BOE_LOPDGDD:online,
author = "BOE",
title = {BOE-A-2018-16673 Ley Orgánica 3/2018, de 5 de diciembre, de Protección de Datos Personales y garantía de los derechos digitales.},
howpublished = {\url{https://www.boe.es/eli/es/lo/2018/12/05/3/con}},
month = "diciembre",
year = "2018",
note = {(Accessed on 01/10/2024)}
}

@misc{BOE_41/2002:online,
author = "BOE",
title = {BOE-A-2002-22188 Ley 41/2002, de 14 de noviembre, básica reguladora de la autonomía del paciente y de derechos y obligaciones en materia de información y documentación clínica.},
howpublished = {\url{https://www.boe.es/buscar/act.php?id=BOE-A-2002-22188}},
month = "noviembre",
year = "2002",
note = {(Accessed on 01/10/2024)}
}

@misc{BOE_2017/745:online,
author = "BOE",
title = {BOE.es - DOUE-L-2017-80916 Reglamento (UE) 2017/745 del Parlamento Europeo y del Consejo, de 5 de abril de 2017, sobre los productos sanitarios, por el que se modifican la Directiva 2001/83/CE, el Reglamento (CE) nº 178/2002 y el Reglamento (CE) nº 1223/2009 y por el que se derogan las Directivas 90/385/CEE y 93/42/CEE del Consejo.},
howpublished = {\url{https://www.boe.es/buscar/doc.php?id=DOUE-L-2017-80916}},
month = "mayo",
year = "2017",
note = {(Accessed on 01/10/2024)}
}

@misc{BOE_192/2023:online,
author = "BOE",
title = {BOE-A-2023-7416 Real Decreto 192/2023, de 21 de marzo, por el que se regulan los productos sanitarios.},
howpublished = {\url{https://www.boe.es/buscar/act.php?id=BOE-A-2023-7416#dd}},
month = "mayo",
year = "2023",
note = {(Accessed on 01/10/2024)}
}

@misc{BOE_2009/24/CE:online,
author = "BOE",
title = {BOE.es - DOUE-L-2009-80808 Directiva 2009/24/CE del Parlamento Europeo y del Consejo, de 23 de abril de 2009, sobre la protección jurídica de programas de ordenador (Versión codificada).},
howpublished = {\url{https://www.boe.es/buscar/doc.php?id=DOUE-L-2009-80808}},
month = "mayo",
year = "2009",
note = {(Accessed on 01/10/2024)}
}

@misc{BOE_1/1996:online,
author = "BOE",
title = {BOE-A-1996-8930 Real Decreto Legislativo 1/1996, de 12 de abril, por el que se aprueba el texto refundido de la Ley de Propiedad Intelectual, regularizando, aclarando y armonizando las disposiciones legales vigentes sobre la materia.},
howpublished = {\url{https://boe.es/buscar/act.php?id=BOE-A-1996-8930}},
month = "abril",
year = "1996",
note = {(Accessed on 01/10/2024)}
}

@misc{ApacheLi71:online,
author = "Apache",
title = {Apache License, Version 2.0},
howpublished = {\url{https://www.apache.org/licenses/LICENSE-2.0}},
month = {},
year = {},
note = {(Accessed on 01/10/2024)}
}

@misc{TiposdelLicencias:online,
author = "IEBSCHOOL",
title = {Tipos de licencias de software: Todo lo que tienes que saber},
howpublished = {\url{https://www.iebschool.com/blog/modelos-negocios-software-libre-open-source-digital-business/}},
month = "febrero",
year = "2023",
note = {(Accessed on 01/10/2024)}
}

@article{pradel2013ingenieria,
  title={Ingenier{\'\i}a del software, febrero 2013},
  author={Pradel Miquel, Jordi and Raya Martos, Jos{\'e} Antonio and Campderrich Falgueras, Benet and S{\'a}nchez Porras, Xavier and Fuertes Royo, Cristina and Albi{\~n}ana Bertomeu, Ricardo},
  year={2013},
  publisher={Universitat Oberta de Catalunya}
}

@inproceedings{oliveros2014stakeholders,
  title={Stakeholders en los requerimentos de aplicaciones web},
  author={Oliveros, Alejandro and Danyans, Fernando J and Mastropietro, Mat{\'\i}as L},
  booktitle={XLIII Jornadas Argentinas de Inform{\'a}tica e Investigaci{\'o}n Operativa (43JAIIO)-XV Simposio Argentino de Ingenier{\'\i}a de Software (Buenos Aires, 2014)},
  year={2014}
}

@misc{Microsof53:online,
author = {Elena Mediavilla},
title = {Microsoft PowerPoint - Casos\_de\_uso\_completo\_sin\_notas.ppt},
howpublished = {\url{https://www.ctr.unican.es/asignaturas/mc_oo/doc/casos_de_uso.pdf}},
month = {},
year = {},
note = {(Accessed on 01/11/2024)}
}

@misc{UMLCasos85:online,
author = {Karla Cervallos},
title = {UML: Casos de Uso – INGENIERÍA DEL SOFTWARE},
howpublished = {\url{https://ingsotfwarekarlacevallos.wordpress.com/2015/06/04/uml-casos-de-uso/}},
month = {junio},
year = {2015},
note = {(Accessed on 01/11/2024)}
}

@misc{saragonz91:online,
author = {Sara González},
title = {saragonzalezbarcena/TFG\_Deteccion\_Activ\_Muscular: Trabajo de Fin de Grado de Ingeniería de la Salud},
howpublished = {\url{https://github.com/saragonzalezbarcena/TFG_Deteccion_Activ_Muscular}},
month = {junio},
year = {2023},
note = {(Accessed on 01/11/2024)}
}

@book{castro2015arquitectura,
  title={Arquitectura del Software},
  author={Castro, Luis},
  year={2015},
  publisher={Cengage Learning Editores}
}

@misc{Amazones75:online,
author = {Amazon},
title = {Amazon.es: compra online de electrónica, libros, deporte, hogar, moda y mucho más.},
howpublished = {\url{https://www.amazon.es/}},
month = {},
year = {},
note = {(Accessed on 01/17/2024)}
}

@misc{turi:online,
author = {turiBOT},
title = {Comprar en Tienda Arduino España | Turibot},
howpublished = {\url{https://www.turibot.es/}},
month = {},
year = {},
note = {(Accessed on 01/17/2024)}
}

@article{diBiase2020,
  author = {di Biase, Luigi and Di Santo, Andrea and Caminiti, Maria Laura and De Liso, Alessia and Shah, Syed Ather and Ricci, Luigi and Di Lazzaro, Vincenzo},
  title = {Gait Analysis in Parkinson's Disease: An Overview of the Most Accurate Markers for Diagnosis and Symptoms Monitoring},
  journal = {Sensors (Basel)},
  year = {2020},
  volume = {20},
  number = {12},
  pages = {3529},
  doi = {10.3390/s20123529},
  pmid = {32580330},
  pmcid = {PMC7349580}
}

@article{movement_disorder_society_task_force_2003,
  author = {Movement Disorder Society Task Force on Rating Scales for Parkinson's Disease},
  title = {The Unified Parkinson's Disease Rating Scale ({UPDRS}): Status and Recommendations},
  journal = {Movement Disorders: Official Journal of the Movement Disorder Society},
  year = {2003},
  volume = {18},
  number = {7},
  pages = {738–750},
  doi = {10.1002/mds.10473}
}

@misc{Escalaun14:online,
  author = {Christopher G. Goetz and Barbara Tilley and Stephanie R. Shaftman and Glenn T. Stebbins and Stanley Fahn and Pablo Martinez-Martin and Werner Poewe and Cristina Sampaio and Matthew B. Stern and Richard Dodel and Bruno Dubois and Robert Holloway and Joseph Jankovic and Jaime Kulisevsky and Anthony E. Lang and Andrew Lees and Sue Leurgans and Peter A. LeWitt and David Nyenhuis and C. Warren Olanow and Olivier Rascol and Anette Schrag and Jeanne A. Teresi and Jacobus J. van Hilten and Nancy LaPelle},
  title = {Escala unificada de calificación de la enfermedad de Parkinson MDS (MDS-UPDRS)},
  howpublished = {\url{https://www.movementdisorders.org/MDS/MDS-Rating-Scales/MDS-Unified-Parkinsons-Disease-Rating-Scale-MDS-UPDRS.htm}},
  month = {},
  year = {2008},
  note = {(Accessed on 01/29/2024)}
}
